<?xml version="1.0" encoding="UTF-8"?><record xmlns="http://www.loc.gov/MARC21/slim" xmlns:cinclude="http://apache.org/cocoon/include/1.0" xmlns:zs="http://www.loc.gov/zing/srw/">
  <leader>00538cz  a2200121n  4500</leader>
  <controlfield tag="001">n 2009057800</controlfield>
  <controlfield tag="003">DLC</controlfield>
  <controlfield tag="005">20090912075158.0</controlfield>
  <controlfield tag="008">090911n| acannaabn          |n aaa      </controlfield>
  <datafield tag="010" ind1=" " ind2=" ">
    <subfield code="a">n 2009057800</subfield>
  </datafield>
  <datafield tag="040" ind1=" " ind2=" ">
    <subfield code="a">DLC</subfield>
    <subfield code="b">eng</subfield>
    <subfield code="c">DLC</subfield>
  </datafield>
  <datafield tag="100" ind1="1" ind2=" ">
    <subfield code="a">Foncannon, Ellen.</subfield>
    <subfield code="t">Country folk duets</subfield>
  </datafield>
  <datafield tag="670" ind1=" " ind2=" ">
    <subfield code="a">Foncannon, Ellen. Country fiddler, c1991:</subfield>
    <subfield code="b">t.p. (Country fiddler : one piano, four hands : piano duet : [from] Country folk duets: Country fiddler ; Country star ; Crawdad hole ; Goin' fishin' ; Oh, I can tell you why ; Old Dan Tucker ; Pick a bale of cotton)</subfield>
  </datafield>
</record>